<?xml version="1.0" encoding="UTF-8"?><collection xmlns="http://www.loc.gov/MARC21/slim"><record><leader>00396nam--2200145-i-4500</leader><controlfield tag="001">000045788</controlfield><controlfield tag="002">20161230</controlfield><controlfield tag="005">20161230201045</controlfield><controlfield tag="008">060222s1000------------r-----000-0-eng-d</controlfield><datafield ind1=" " ind2=" " tag="080"><subfield code="a">18</subfield></datafield><datafield ind1=" " ind2=" " tag="245"><subfield code="a">Vacuum tube amplifiers. first edition</subfield></datafield><datafield ind1=" " ind2=" " tag="260"><subfield code="a">New York, `Mcgraw Hill`, 1948, Xvii+743p</subfield></datafield><datafield ind1=" " ind2=" " tag="490"><subfield code="a">M.I.T.Radiation Laboratory Series</subfield></datafield><datafield ind1=" " ind2=" " tag="700"><subfield code="a">Valley,Georgee.,Wallman,Henry</subfield></datafield><datafield ind1=" " ind2=" " tag="852"><subfield code="a">1265</subfield></datafield></record></collection>